@inproceedings{schneier1998cryptanalysis,
  title={Cryptanalysis of Microsoft's point-to-point tunneling protocol (PPTP)},
  author={Schneier, Bruce},
  booktitle={Proceedings of the 5th ACM Conference on Computer and Communications Security},
  pages={132--141},
  year={1998}
}

@book{haynes1999venona,
  title={Venona: decoding Soviet espionage in America},
  author={Haynes, John Earl and Klehr, Harvey and Klehr, Mr Harvey},
  year={1999},
  publisher={Yale University Press}
}